[gd_scene load_steps=13 format=2]

[ext_resource path="res://Entities/Player.gd" type="Script" id=1]
[ext_resource path="res://Assets/Player/Player.png" type="Texture" id=2]
[ext_resource path="res://Assets/Items/Weapons/BroadSword.png" type="Texture" id=3]

[sub_resource type="Animation" id=1]

resource_name = "Fall"
length = 0.1
loop = false
step = 0.1
tracks/0/type = "value"
tracks/0/path = NodePath("Sprite:frame")
tracks/0/interp = 1
tracks/0/loop_wrap = true
tracks/0/imported = false
tracks/0/enabled = true
tracks/0/keys = {
"times": PoolRealArray( 0 ),
"transitions": PoolRealArray( 1 ),
"update": 1,
"values": [ 23 ]
}
tracks/1/type = "value"
tracks/1/path = NodePath("Weapon:position")
tracks/1/interp = 1
tracks/1/loop_wrap = true
tracks/1/imported = false
tracks/1/enabled = true
tracks/1/keys = {
"times": PoolRealArray( 0 ),
"transitions": PoolRealArray( 1 ),
"update": 0,
"values": [ Vector2( 5, 1 ) ]
}

[sub_resource type="Animation" id=2]

length = 0.6
loop = true
step = 0.1
tracks/0/type = "value"
tracks/0/path = NodePath("Sprite:frame")
tracks/0/interp = 1
tracks/0/loop_wrap = true
tracks/0/imported = false
tracks/0/enabled = true
tracks/0/keys = {
"times": PoolRealArray( 0, 0.3 ),
"transitions": PoolRealArray( 1, 1 ),
"update": 1,
"values": [ 0, 1 ]
}
tracks/1/type = "value"
tracks/1/path = NodePath("Weapon:frame")
tracks/1/interp = 1
tracks/1/loop_wrap = true
tracks/1/imported = false
tracks/1/enabled = true
tracks/1/keys = {
"times": PoolRealArray( 0 ),
"transitions": PoolRealArray( 1 ),
"update": 1,
"values": [ 0 ]
}
tracks/2/type = "value"
tracks/2/path = NodePath("Weapon:position")
tracks/2/interp = 0
tracks/2/loop_wrap = true
tracks/2/imported = false
tracks/2/enabled = true
tracks/2/keys = {
"times": PoolRealArray( 0, 0.3 ),
"transitions": PoolRealArray( 1, 0 ),
"update": 1,
"values": [ Vector2( 5, 1 ), Vector2( 6, 2 ) ]
}

[sub_resource type="Animation" id=3]

length = 0.3
loop = false
step = 0.1
tracks/0/type = "value"
tracks/0/path = NodePath("Sprite:frame")
tracks/0/interp = 1
tracks/0/loop_wrap = true
tracks/0/imported = false
tracks/0/enabled = true
tracks/0/keys = {
"times": PoolRealArray( 0, 0.1, 0.2 ),
"transitions": PoolRealArray( 1, 1, 1 ),
"update": 1,
"values": [ 20, 21, 22 ]
}
tracks/1/type = "value"
tracks/1/path = NodePath("Weapon:position")
tracks/1/interp = 1
tracks/1/loop_wrap = true
tracks/1/imported = false
tracks/1/enabled = true
tracks/1/keys = {
"times": PoolRealArray( 0, 0.1, 0.2 ),
"transitions": PoolRealArray( 1, 1, 1 ),
"update": 1,
"values": [ Vector2( 6, 2 ), Vector2( 5, 6 ), Vector2( 5, 0 ) ]
}

[sub_resource type="Animation" id=4]

resource_name = "Roll"
length = 1.0
loop = false
step = 0.1
tracks/0/type = "value"
tracks/0/path = NodePath("Sprite:frame")
tracks/0/interp = 1
tracks/0/loop_wrap = true
tracks/0/imported = false
tracks/0/enabled = true
tracks/0/keys = {
"times": PoolRealArray( 0, 0.1, 0.2, 0.3, 0.4, 0.5, 0.6, 0.7, 0.8, 0.9, 1 ),
"transitions": PoolRealArray( 1, 1, 1, 1, 1, 1, 1, 1, 1, 1, 1 ),
"update": 1,
"values": [ 0, 25, 26, 27, 28, 29, 30, 31, 32, 33, 0 ]
}
tracks/1/type = "method"
tracks/1/path = NodePath(".")
tracks/1/interp = 1
tracks/1/loop_wrap = true
tracks/1/imported = false
tracks/1/enabled = true
tracks/1/keys = {
"times": PoolRealArray( 0.1, 0.8, 1 ),
"transitions": PoolRealArray( 1, 1, 1 ),
"values": [ {
"args": [ true ],
"method": "roll"
}, {
"args": [ false ],
"method": "roll"
}, {
"args": [ false, true ],
"method": "roll"
} ]
}

[sub_resource type="Animation" id=5]

length = 0.5
loop = false
step = 0.1
tracks/0/type = "value"
tracks/0/path = NodePath("Sprite:frame")
tracks/0/interp = 1
tracks/0/loop_wrap = true
tracks/0/imported = false
tracks/0/enabled = true
tracks/0/keys = {
"times": PoolRealArray( 0, 0.1, 0.2, 0.3, 0.4 ),
"transitions": PoolRealArray( 1, 1, 1, 1, 1 ),
"update": 1,
"values": [ 5, 4, 7, 8, 9 ]
}
tracks/1/type = "value"
tracks/1/path = NodePath("Weapon:frame")
tracks/1/interp = 1
tracks/1/loop_wrap = true
tracks/1/imported = false
tracks/1/enabled = true
tracks/1/keys = {
"times": PoolRealArray( 0, 0.1, 0.2, 0.3, 0.5 ),
"transitions": PoolRealArray( 1, 1, 1, 1, 1 ),
"update": 1,
"values": [ 0, 3, 4, 1, 0 ]
}
tracks/2/type = "value"
tracks/2/path = NodePath("Weapon:position")
tracks/2/interp = 1
tracks/2/loop_wrap = true
tracks/2/imported = false
tracks/2/enabled = true
tracks/2/keys = {
"times": PoolRealArray( 0, 0.1, 0.2, 0.3, 0.4 ),
"transitions": PoolRealArray( 1, 1, 1, 1, 1 ),
"update": 1,
"values": [ Vector2( 5, 1 ), Vector2( -13, -4 ), Vector2( 2, -5 ), Vector2( 16, 0 ), Vector2( 11, 1 ) ]
}
tracks/3/type = "method"
tracks/3/path = NodePath(".")
tracks/3/interp = 1
tracks/3/loop_wrap = true
tracks/3/imported = false
tracks/3/enabled = true
tracks/3/keys = {
"times": PoolRealArray( 0.2, 0.5 ),
"transitions": PoolRealArray( 1, 1 ),
"values": [ {
"args": [  ],
"method": "enableDamage"
}, {
"args": [  ],
"method": "resetIsAttacking"
} ]
}

[sub_resource type="Animation" id=6]

length = 0.5
loop = false
step = 0.1
tracks/0/type = "value"
tracks/0/path = NodePath("Sprite:frame")
tracks/0/interp = 1
tracks/0/loop_wrap = true
tracks/0/imported = false
tracks/0/enabled = true
tracks/0/keys = {
"times": PoolRealArray( 0, 0.1, 0.2, 0.3, 0.4 ),
"transitions": PoolRealArray( 1, 1, 1, 1, 1 ),
"update": 1,
"values": [ 5, 6, 7, 8, 9 ]
}
tracks/1/type = "value"
tracks/1/path = NodePath("Weapon:frame")
tracks/1/interp = 1
tracks/1/loop_wrap = true
tracks/1/imported = false
tracks/1/enabled = true
tracks/1/keys = {
"times": PoolRealArray( 0, 0.1, 0.2, 0.3, 0.5 ),
"transitions": PoolRealArray( 1, 1, 1, 1, 1 ),
"update": 1,
"values": [ 0, 1, 2, 1, 0 ]
}
tracks/2/type = "value"
tracks/2/path = NodePath("Weapon:position")
tracks/2/interp = 1
tracks/2/loop_wrap = true
tracks/2/imported = false
tracks/2/enabled = true
tracks/2/keys = {
"times": PoolRealArray( 0, 0.1, 0.2, 0.3, 0.4 ),
"transitions": PoolRealArray( 1, 1, 1, 1, 1 ),
"update": 1,
"values": [ Vector2( 5, 1 ), Vector2( 3, -2 ), Vector2( 16, 0 ), Vector2( 16, 0 ), Vector2( 11, 1 ) ]
}
tracks/3/type = "method"
tracks/3/path = NodePath(".")
tracks/3/interp = 1
tracks/3/loop_wrap = true
tracks/3/imported = false
tracks/3/enabled = true
tracks/3/keys = {
"times": PoolRealArray( 0.2, 0.5 ),
"transitions": PoolRealArray( 1, 1 ),
"values": [ {
"args": [  ],
"method": "enableDamage"
}, {
"args": [  ],
"method": "resetIsAttacking"
} ]
}

[sub_resource type="Animation" id=7]

length = 0.8
loop = true
step = 0.1
tracks/0/type = "value"
tracks/0/path = NodePath("Sprite:frame")
tracks/0/interp = 1
tracks/0/loop_wrap = true
tracks/0/imported = false
tracks/0/enabled = true
tracks/0/keys = {
"times": PoolRealArray( 0, 0.1, 0.2, 0.3, 0.4, 0.5, 0.6, 0.7 ),
"transitions": PoolRealArray( 1, 1, 1, 1, 1, 1, 1, 1 ),
"update": 1,
"values": [ 10, 11, 12, 13, 14, 15, 16, 17 ]
}
tracks/1/type = "value"
tracks/1/path = NodePath("Weapon:position")
tracks/1/interp = 1
tracks/1/loop_wrap = true
tracks/1/imported = false
tracks/1/enabled = true
tracks/1/keys = {
"times": PoolRealArray( 0, 0.1, 0.2, 0.3, 0.4, 0.5, 0.6, 0.7 ),
"transitions": PoolRealArray( 1, 1, 1, 1, 1, 1, 1, 1 ),
"update": 1,
"values": [ Vector2( 7, 0 ), Vector2( 8, 1 ), Vector2( 6, 2 ), Vector2( 6, 1 ), Vector2( 5, 1 ), Vector2( 6, 2 ), Vector2( 6, 3 ), Vector2( 6, 1 ) ]
}

[sub_resource type="RectangleShape2D" id=8]

custom_solver_bias = 0.0
extents = Vector2( 7, 15 )

[sub_resource type="RectangleShape2D" id=9]

custom_solver_bias = 0.0
extents = Vector2( 15, 13 )

[node name="Player" type="KinematicBody2D"]

input_pickable = false
collision_layer = 1
collision_mask = 4
collision/safe_margin = 0.08
script = ExtResource( 1 )
_sections_unfolded = [ "Collision", "Transform", "Visibility" ]

[node name="Sprite" type="Sprite" parent="." index="0"]

texture = ExtResource( 2 )
vframes = 7
hframes = 5
_sections_unfolded = [ "Animation", "Region", "Visibility" ]

[node name="AnimationPlayer" type="AnimationPlayer" parent="." index="1"]

root_node = NodePath("..")
autoplay = "Idle"
playback_process_mode = 1
playback_default_blend_time = 0.0
playback_speed = 1.0
anims/Fall = SubResource( 1 )
anims/Idle = SubResource( 2 )
anims/Jump = SubResource( 3 )
anims/Roll = SubResource( 4 )
anims/Slash = SubResource( 5 )
anims/Thrust = SubResource( 6 )
anims/Walk = SubResource( 7 )
next/Roll = "Idle"
blend_times = [  ]

[node name="CollisionShape2D" type="CollisionShape2D" parent="." index="2"]

position = Vector2( -1, 5 )
shape = SubResource( 8 )
_sections_unfolded = [ "Transform" ]

[node name="AttackCollisionArea" type="Area2D" parent="." index="3"]

position = Vector2( 67, 6 )
input_pickable = true
gravity_vec = Vector2( 0, 1 )
gravity = 98.0
linear_damp = 0.1
angular_damp = 1.0
collision_mask = 2
audio_bus_override = false
audio_bus_name = "Master"
_sections_unfolded = [ "Collision" ]

[node name="CollisionShape2D" type="CollisionShape2D" parent="AttackCollisionArea" index="0"]

position = Vector2( -45.5477, -2.62125 )
shape = SubResource( 9 )

[node name="Weapon" type="Sprite" parent="." index="4"]

position = Vector2( 5, 1 )
texture = ExtResource( 3 )
vframes = 2
hframes = 3
_sections_unfolded = [ "Animation", "Transform" ]


