[gd_scene load_steps=4 format=2]

[ext_resource path="res://UI/Shop.gd" type="Script" id=1]
[ext_resource path="res://Assets/UI/Exp.png" type="Texture" id=2]
[ext_resource path="res://UI/StatPanel.tscn" type="PackedScene" id=3]

[node name="Shop" type="Control" index="0"]

anchor_left = 0.0
anchor_top = 0.0
anchor_right = 0.0
anchor_bottom = 0.0
margin_right = 40.0
margin_bottom = 40.0
rect_pivot_offset = Vector2( 0, 0 )
rect_clip_content = false
mouse_filter = 0
mouse_default_cursor_shape = 0
size_flags_horizontal = 1
size_flags_vertical = 1
script = ExtResource( 1 )

[node name="Level Select" type="Panel" parent="." index="0"]

anchor_left = 0.0
anchor_top = 0.0
anchor_right = 0.0
anchor_bottom = 0.0
margin_left = 590.0
margin_top = 20.0
margin_right = 790.0
margin_bottom = 480.0
rect_pivot_offset = Vector2( 0, 0 )
rect_clip_content = false
mouse_filter = 0
mouse_default_cursor_shape = 0
size_flags_horizontal = 1
size_flags_vertical = 1
_sections_unfolded = [ "Rect" ]

[node name="Button" type="Button" parent="Level Select" index="0"]

anchor_left = 0.0
anchor_top = 0.0
anchor_right = 0.0
anchor_bottom = 0.0
margin_left = 40.0
margin_top = 400.0
margin_right = 160.0
margin_bottom = 440.0
rect_pivot_offset = Vector2( 0, 0 )
rect_clip_content = false
focus_mode = 2
mouse_filter = 0
mouse_default_cursor_shape = 0
size_flags_horizontal = 1
size_flags_vertical = 1
toggle_mode = false
enabled_focus_mode = 2
shortcut = null
group = null
text = "Start"
flat = false
align = 1
_sections_unfolded = [ "Rect" ]

[node name="Label" type="Label" parent="Level Select" index="1"]

anchor_left = 0.0
anchor_top = 0.0
anchor_right = 0.0
anchor_bottom = 0.0
margin_left = 55.0
margin_top = 10.0
margin_right = 145.0
margin_bottom = 24.0
rect_pivot_offset = Vector2( 0, 0 )
rect_clip_content = false
mouse_filter = 2
mouse_default_cursor_shape = 0
size_flags_horizontal = 1
size_flags_vertical = 4
text = "Map Selection"
percent_visible = 1.0
lines_skipped = 0
max_lines_visible = -1
_sections_unfolded = [ "Rect" ]

[node name="Stats" type="Panel" parent="." index="1"]

anchor_left = 0.0
anchor_top = 0.0
anchor_right = 0.0
anchor_bottom = 0.0
margin_left = 20.0
margin_top = 20.0
margin_right = 570.0
margin_bottom = 480.0
rect_pivot_offset = Vector2( 0, 0 )
rect_clip_content = false
mouse_filter = 0
mouse_default_cursor_shape = 0
size_flags_horizontal = 1
size_flags_vertical = 1
_sections_unfolded = [ "Rect" ]

[node name="Sprite" type="Sprite" parent="Stats" index="0"]

position = Vector2( 30, 430 )
scale = Vector2( 2, 2 )
texture = ExtResource( 2 )
_sections_unfolded = [ "Transform" ]

[node name="ExpLabel" type="Label" parent="Stats/Sprite" index="0"]

anchor_left = 0.0
anchor_top = 0.0
anchor_right = 0.0
anchor_bottom = 0.0
margin_left = 12.0
margin_top = -6.0
margin_right = 56.0
margin_bottom = 8.0
rect_pivot_offset = Vector2( 0, 0 )
rect_clip_content = false
mouse_filter = 2
mouse_default_cursor_shape = 0
size_flags_horizontal = 1
size_flags_vertical = 4
text = ":12345"
percent_visible = 1.0
lines_skipped = 0
max_lines_visible = -1
_sections_unfolded = [ "Rect" ]

[node name="GridContainer" type="GridContainer" parent="Stats" index="1"]

anchor_left = 0.0
anchor_top = 0.0
anchor_right = 0.0
anchor_bottom = 0.0
margin_left = 20.0
margin_top = 20.0
margin_right = 530.0
margin_bottom = 440.0
rect_pivot_offset = Vector2( 0, 0 )
rect_clip_content = false
mouse_filter = 1
mouse_default_cursor_shape = 0
size_flags_horizontal = 1
size_flags_vertical = 1
custom_constants/vseparation = 100
custom_constants/hseparation = 260
columns = 2
_sections_unfolded = [ "custom_constants" ]

[node name="Damage" parent="Stats/GridContainer" index="0" instance=ExtResource( 3 )]

margin_right = 0.0
margin_bottom = 0.0
basePrice = 50
priceMultiplier = 2.0
increasePerUpgrade = 3.0
upgradeValueIncrease = 3.0

[node name="Speed" parent="Stats/GridContainer" index="1" instance=ExtResource( 3 )]

margin_left = 260.0
margin_right = 260.0
margin_bottom = 0.0
stat = "AttackSpeed"
statName = "Attack Speed"
statMultiplier = 100
statSuffix = " %"
icon = 1
priceMultiplier = 1.5
increasePerUpgrade = 0.1
upgradeValueIncrease = 0.05

[node name="Health" parent="Stats/GridContainer" index="2" instance=ExtResource( 3 )]

margin_top = 100.0
margin_right = 0.0
margin_bottom = 100.0
stat = "MaxHealth"
statName = "Max Health"
statSuffix = " HP"
icon = 2
priceMultiplier = 1.5
upgradeValueIncrease = 5.0

[node name="Armor" parent="Stats/GridContainer" index="3" instance=ExtResource( 3 )]

margin_left = 260.0
margin_top = 100.0
margin_right = 260.0
margin_bottom = 100.0
stat = "Armor"
statName = "Armor"
statSuffix = ""
icon = 3
priceMultiplier = 2.0
increasePerUpgrade = 2.0

[connection signal="pressed" from="Level Select/Button" to="." method="startGame"]


